@book{pressman,
  title={Engenharia de Software - 8{\textordfeminine} Edição},
  author={Pressman, Roger and Maxim, Bruce},
  year={2016},
  publisher={McGraw Hill Brasil}
}
@article{IHC_benyon,
  title={Interação humano-computador},
  author={Benyon, David},
  journal={Perason Prentice Hall},
  year={2011}
}
@book{IHC_preece,
  title={Design de interação: além da interação humano-computador},
  author={Preece, Jenny and Rogers, Yvonne and Sharp, Helen},
  year={2005},
  publisher={Bookman}
}
@book{SI_principios,
  title={Princípios de sistemas de informação: uma abordagem gerencial},
  author={Stair, Ralph M and Reynolds, George W and da Silva, Flávio Soares Corrêa},
  year={1998}
}
@book{SI_turban,
  title={Administração de tecnologia da informação: teoria e prática},
  author={Turban, Efraim and Rainer, Rexz Kelly and Potter, Richard E},
  year={2005},
  publisher={Elsevier}
}
@book{pWeb_sebesta,
  title={Programming the world wide web},
  author={Sebesta, Robert W},
  year={2013},
  publisher={Pearson Education India}
}
@book{BCC1,
  title={L{\'o}gica de programa{\c{c}}{\~a}o: a constru{\c{c}}{\~a}o de algoritmos e estruturas de dados},
  author={Forbellone, Andr{\'e} Luiz Villar and Ebersp{\"a}cher, Henri Frederico},
  volume={3},
  year={1993},
  publisher={Makron Books}
}
@book{BCC2,
  title={Conceitos de linguagens de programa{\c{c}}{\~a}o},
  author={Sebesta, Robert W},
  year={2009},
  publisher={Bookman}
}
@book{POO_deitel,
  title={Java: Como Programar - 6{\textordfeminine} Edição},
  author={Deitel, Harvey M and Deitel, Paul J},
  year={2005},
  publisher={Pearson}
}
@book{AED_cormen1,
  title={Algoritmos: teoria e pr{\'a}tica},
  author={Cormen, Thomas H and Leiserson, Charles E and Rivest, Ronald L and Stein, Clifford},
  publisher={Editora Campus},
  volume={2},
  year={2002}
}
@book{AED_cormen2,
  title={Introduction to algorithms},
  author={Cormen, Thomas H},
  year={2009},
  publisher={MIT press}
}
@book{BD,
  title={Sistemas de banco de dados},
  author={Elmasri, Ramez and Navathe, Shamkant B},
  year={2005},
  publisher={Pearson Addison Wesley}
}
@book{SegDados,
  title={Introdu{\c{c}}{\~a}o {\`a} seguran{\c{c}}a de computadores},
  author={Goodrich, Michael T and Tamassia, Roberto},
  year={2013},
  publisher={Bookman}
}


@book{PHP_Novatec_poo,
  title={PHP Programando com Orientação a Objetos - 3{\textordfeminine} Edição},
  author={Dall’Oglio, Pablo},
  year={2015},
  publisher={Novatec Editora}
}
@book{PHP_Novatec_dev,
  title={Desenvolvendo Websites com PHP: aprenda a criar Websites dinâmicos e interativos com PHP e Bancos de Dados - 3{\textordfeminine} Edição},
  author={Niederauer, Juliano},
  year={2016},
  publisher={Novatec Editora}
}
@book{PHP_Novatec_appWeb,
  title={Construindo Aplicações Web com PHP e MySQL - 2{\textordfeminine} Edição},
  author={Niederauer, Juliano},
  year={2016},
  publisher={Novatec Editora}
}
@book{PHP_Novatec_ajax,
  title={Web Interativa com Ajax e PHP - 1{\textordfeminine} Edição},
  author={Niederauer, J.},
  isbn={9788575221266},
  url={https://books.google.com.br/books?id=w7dyVhjH2FcC},
  year={2007},
  publisher={Novatec Editora}
}
@book{PHP_mysql,
  title={PHP and MySQL Web Development},
  author={Welling, L. and Thomson, L.},
  isbn={9780672325250},
  lccn={2002115573},
  series={Developer's library},
  url={https://books.google.com.br/books?id=G4dTRyvpfhoC},
  year={2003},
  publisher={Sams}
}
@book{laravel5,
  title={Laravel 5 Essentials},
  author={Bean, Martin},
  year={2015},
  publisher={Packt Publishing Ltd}
}
@book{laravel_kiliccdaugi,
  title={Laravel Design Patterns and Best Practices},
  author={K{\i}l{\i}{\c{c}}da{\u{g}}{\i}, Arda and Yilmaz, H Ibrahim},
  year={2014},
  publisher={Packt Publishing Ltd}
}
@book{Novatec_css_html,
  title={Construindo sites com CSS e (X) HTML: sites controlados por folhas de estilo em cascata},
  author={Silva, Maur{\'\i}cio Samy},
  year={2007},
  publisher={Novatec Editora}
}







@misc{cadaris,
  title = {\textit{Website da Cadaris Comunicação}},
  howpublished = {Disponível em \url{http://cadaris.com.br/}},
  note = {Acessado em 17/02/2017}
}
@misc{top10,
  author= {Welton L. Santos},
  title = {\textit{10 Melhores Frameworks PHP para projetos Web}},
  howpublished = {Disponível em \url{http://cienciacomputacao.com.br/desenvolvimento/10-melhores-frameworks-php-para-projetos-web/}},
  note = {Acessado em 17/02/2017}
}
@misc{sitepoint,
  author= {Bruno Skvorc},
  title = {\textit{The Most Popular Framework of 2015}},
  howpublished = {Disponível em \url{https://www.sitepoint.com/best-php-framework-2015-sitepoint-survey-results/}},
  note = {Acessado em 17/02/2017}
}
@misc{laracast,
  title = {\textit{Laracast - The Best Laravel and PHP Screencasts}},
  howpublished = {Disponível em \url{https://laracasts.com}},
  note = {Acessado em 17/02/2017}
}
@misc{laraveldocs,
  title = {\textit{Documentação do Laravel}},
  howpublished = {Disponível em \url{https://laravel.com/docs}},
  note = {Acessado em 17/02/2017}
}
@misc{w3c,
  title = {\textit{The World Wide Web Consortium}},
  howpublished = {Disponível em \url{https://www.w3.org/}},
  note = {Acessado em 17/02/2017}
}