@book{pressman,
  title={Engenharia de Software - 8{\textordfeminine} Edi{\c{c}}{\~a}o},
  author={Pressman, Roger and Maxim, Bruce},
  year={2016},
  publisher={McGraw Hill Brasil}
}
@misc{cadaris,
  title = {Website da Cadaris Comunicação},
  howpublished = {Disponível em \url{http://cadaris.com.br/}},
  note = {Acessado em 17/02/2017}
}
@misc{top10,
  author= {Welton L. Santos},
  title = {10 Melhores Frameworks PHP para projetos Web},
  howpublished = {Disponível em \url{http://cienciacomputacao.com.br/desenvolvimento/10-melhores-frameworks-php-para-projetos-web/}},
  note = {Acessado em 17/02/2017}
}
@misc{sitepoint,
  author= {Bruno Skvorc},
  title = {The Most Popular Framework of 2015},
  howpublished = {Disponível em \url{https://www.sitepoint.com/best-php-framework-2015-sitepoint-survey-results/}},
  note = {Acessado em 17/02/2017}
}
@misc{laracast,
  title = {Laracast - The Best Laravel and PHP Screencasts},
  howpublished = {Disponível em \url{https://laracasts.com}},
  note = {Acessado em 17/02/2017}
}
@misc{laraveldocs,
  title = {Documentação do Laravel},
  howpublished = {Disponível em \url{https://laravel.com/docs}},
  note = {Acessado em 17/02/2017}
}
@misc{w3c,
  title = {The World Wide Web Consortium},
  howpublished = {Disponível em \url{https://www.w3.org/}},
  note = {Acessado em 17/02/2017}
}
